<collection xmlns="http://www.loc.gov/MARC21/slim">
<record>
  <leader>01017nam a2200241 a 4500</leader>
  <controlfield tag="001">MIU01-000007855</controlfield>
  <controlfield tag="003">MiU</controlfield>
  <controlfield tag="005">20030415000000.0</controlfield>
  <controlfield tag="008">880715s1972    nju      b    001|0 eng d</controlfield>
  <datafield tag="035" ind1=" " ind2=" ">
    <subfield code="a">(RLIN)MIUG0581130-B</subfield>
  </datafield>
  <datafield tag="035" ind1=" " ind2=" ">
    <subfield code="a">(CaOTULAS)159826993</subfield>
  </datafield>
  <datafield tag="035" ind1=" " ind2=" ">
    <subfield code="a">(OCoLC)ocm00581130</subfield>
  </datafield>
  <datafield tag="035" ind1=" " ind2=" ">
    <subfield code="a">sdr-nwu630609</subfield>
  </datafield>
  <datafield tag="038" ind1=" " ind2=" ">
    <subfield code="a">MiU</subfield>
  </datafield>
  <datafield tag="040" ind1=" " ind2=" ">
    <subfield code="a">MiU</subfield>
    <subfield code="c">MiU</subfield>
  </datafield>
  <datafield tag="050" ind1="0" ind2=" ">
    <subfield code="a">DC261.P56</subfield>
  </datafield>
  <datafield tag="100" ind1="1" ind2=" ">
    <subfield code="a">Pinkney, David H.</subfield>
  </datafield>
  <datafield tag="245" ind1="1" ind2="4">
    <subfield code="a">The French revolution of 1830 /</subfield>
    <subfield code="c">by David H. Pinkney.</subfield>
  </datafield>
  <datafield tag="260" ind1=" " ind2=" ">
    <subfield code="a">[Princeton] N. J. :</subfield>
    <subfield code="b">Princeton University Press,</subfield>
    <subfield code="c">1972.</subfield>
  </datafield>
  <datafield tag="300" ind1=" " ind2=" ">
    <subfield code="a">ix, 397 p. ;</subfield>
    <subfield code="c">23 cm.</subfield>
  </datafield>
  <datafield tag="504" ind1=" " ind2=" ">
    <subfield code="a">Includes bibliography (p. 369-385) and index.</subfield>
  </datafield>
  <datafield tag="588" ind1=" " ind2=" ">
    <subfield code="a">This bibliographic record is available under the Creative Commons CC0 public domain dedication. The University of Michigan Libraries, as creator of this bibliographic record, has waived all rights to it worldwide under copyright law, including all related and neighboring rights, to the extent allowed by law.</subfield>
  </datafield>
  <datafield tag="651" ind1=" " ind2="0">
    <subfield code="a">France</subfield>
    <subfield code="x">History</subfield>
    <subfield code="y">July Revolution, 1830.</subfield>
  </datafield>
</record>