
<record>
  <leader>01304nam a2200289 a 4500</leader>
  <controlfield tag="001">MIU01-000014632</controlfield>
  <controlfield tag="003">MiU</controlfield>
  <controlfield tag="005">20090421085936.0</controlfield>
  <controlfield tag="006">m        d   |||||</controlfield>
  <controlfield tag="007">cr bn ---auaua</controlfield>
  <controlfield tag="008">880715s1967    maua   j      000 0 eng d</controlfield>
  <datafield tag="010" ind1=" " ind2=" ">
    <subfield code="a">67025611</subfield>
  </datafield>
  <datafield tag="035" ind1=" " ind2=" ">
    <subfield code="a">(OCoLC)825697</subfield>
  </datafield>
  <datafield tag="038" ind1=" " ind2=" ">
    <subfield code="a">MiU</subfield>
  </datafield>
  <datafield tag="040" ind1=" " ind2=" ">
    <subfield code="a">MiU</subfield>
    <subfield code="c">MiU</subfield>
  </datafield>
  <datafield tag="100" ind1="1" ind2=" ">
    <subfield code="a">McCord, David Thompson Watson,</subfield>
    <subfield code="d">1897-1997.</subfield>
  </datafield>
  <datafield tag="245" ind1="1" ind2="0">
    <subfield code="a">Every time I climb a tree /</subfield>
    <subfield code="c">by David McCord ; illustrated by Marc Simont.</subfield>
  </datafield>
  <datafield tag="260" ind1=" " ind2=" ">
    <subfield code="a">Boston :</subfield>
    <subfield code="b">Little, Brown and Co.</subfield>
    <subfield code="c">c1967</subfield>
    <subfield code="g">(4th printing)</subfield>
  </datafield>
  <datafield tag="300" ind1=" " ind2=" ">
    <subfield code="a">[48] p. :</subfield>
    <subfield code="b">col. ill. ;</subfield>
    <subfield code="c">26 cm.</subfield>
  </datafield>
  <datafield tag="500" ind1=" " ind2=" ">
    <subfield code="a">&quot;Little, Brown reinforced binding&quot;--P. [4] of cover.</subfield>
  </datafield>
  <datafield tag="520" ind1=" " ind2=" ">
    <subfield code="a">Twenty-five poems with short lines on such varied subjects as a lost turtle, a fence, the wind, jam, a witch, and bananas and cream.</subfield>
  </datafield>
  <datafield tag="588" ind1=" " ind2=" ">
    <subfield code="a">This bibliographic record is available under the Creative Commons CC0 public domain dedication. The University of Michigan Libraries, as creator of this bibliographic record, has waived all rights to it worldwide under copyright law, including all related and neighboring rights, to the extent allowed by law.</subfield>
  </datafield>
  <datafield tag="590" ind1=" " ind2=" ">
    <subfield code="a">In original dust jacket.</subfield>
  </datafield>
  <datafield tag="538" ind1=" " ind2=" ">
    <subfield code="a">Mode of access: Internet.</subfield>
  </datafield>
  <datafield tag="650" ind1=" " ind2="0">
    <subfield code="a">Children&apos;s poetry, American.</subfield>
  </datafield>
  <datafield tag="650" ind1=" " ind2="0">
    <subfield code="a">Poetry.</subfield>
  </datafield>
  <datafield tag="700" ind1="1" ind2=" ">
    <subfield code="a">Simont, Marc.</subfield>
  </datafield>
</record>
</collection>